<?xml version="1.0" encoding="UTF-8"?><collection xmlns="http://www.loc.gov/MARC21/slim"><record><leader>00430nam--2200145-i-4500</leader><controlfield tag="001">000002101</controlfield><controlfield tag="002">20161230</controlfield><controlfield tag="005">20161230201024</controlfield><controlfield tag="008">060222s1000------------r-----000-0-eng-d</controlfield><datafield ind1=" " ind2=" " tag="080"><subfield code="a">33</subfield></datafield><datafield ind1=" " ind2=" " tag="100"><subfield code="a">Errera, Prof.Jacques</subfield></datafield><datafield ind1=" " ind2=" " tag="245"><subfield code="a">Moment electrique et structure moleculaire</subfield></datafield><datafield ind1=" " ind2=" " tag="260"><subfield code="a">Paris,  Hermann Et Cie. , 1935. 61 P</subfield></datafield><datafield ind1=" " ind2=" " tag="490"><subfield code="a">Actualite Scientifique Et Industrielles 221. Exposes De Physique Moleculaire</subfield></datafield><datafield ind1=" " ind2=" " tag="852"><subfield code="a">755</subfield></datafield></record></collection>